@book{bishop2006,
	author = {Christopher M. Bishop},
	title = {Pattern Recognition and Machine Learning},
	publisher = {Springer},
	year = {2006},
	address = {New York}
}

@book{sutton2018,
	author = {Richard S. Sutton and Andrew G. Barto},
	title = {Reinforcement Learning: An Introduction},
	edition = {2nd},
	publisher = {MIT Press},
	year = {2018}
}

@book{hartley2003,
	author = {Richard Hartley and Andrew Zisserman},
	title = {Multiple View Geometry in Computer Vision},
	edition = {2nd},
	publisher = {Cambridge University Press},
	year = {2003}
}

@book{jackson1999,
	author = {John David Jackson},
	title = {Classical Electrodynamics},
	edition = {3rd},
	publisher = {Wiley},
	year = {1999}
}

@book{deleuze1994,
	author = {Gilles Deleuze},
	title = {Difference and Repetition},
	publisher = {Columbia University Press},
	year = {1994},
	translator = {Paul Patton}
}

@book{whitehead1929,
	author = {Alfred North Whitehead},
	title = {Process and Reality},
	publisher = {Macmillan},
	year = {1929}
}

@book{kant1781,
	author = {Immanuel Kant},
	title = {Critique of Pure Reason},
	year = {1781},
	translator = {Paul Guyer and Allen W. Wood},
	publisher = {Cambridge University Press},
	edition = {1998}
}

@article{vaswani2017,
	author = {Ashish Vaswani and Noam Shazeer and Niki Parmar and others},
	title = {Attention Is All You Need},
	journal = {Advances in Neural Information Processing Systems},
	year = {2017},
	volume = {30}
}

@article{lecun1989,
	author = {Yann LeCun and others},
	title = {Backpropagation Applied to Handwritten Zip Code Recognition},
	journal = {Neural Computation},
	year = {1989},
	volume = {1},
	number = {4},
	pages = {541--551}
}
